@Misc{revos,
	author    = "J.T.S. Moore",
    title     = "Revolution OS",
    note      = "http://revolution-os.com",
    year	  = "2001"

}