@Misc{discord,
    title     = "Discord",
    note      = "https://discord.com/"
}
@Misc{python,
    title     = "Python",
    note      = "https://www.python.org/"
}
@Misc{discordpy,
    title     = "DiscordPY",
    note      = "https://discordpy.readthedocs.io/"
}
@Misc{asyncio,
    title     = "Asyncio",
    note      = "https://docs.python.org/3/library/asyncio.html"
}
@Misc{gpl,
    title     = "GPL",
    note      = "https://www.gnu.org/licenses/gpl-3.0.en.html"
}